%======================= NOTAS =====================
    % Para acrescentar data de acesso da URL: urlaccessdate = {09.10.2013}
    % Citar nome completo do autor, usar chaves duplas. Ex: {{ AUTOR }}

% github.com/abntex/abntex2/wiki/Instalacao

% Verificar "S.L." e "s.n." que aparecem na compilação! Uma ideia de solução: \url{https://groups.google.com/forum/#!topic/latex-br/FBvJ82_onOM}
% S.L. (address) = sine loco (lat.), que significa "sem local" (a cidade).
% s.n. (publisher)= sine nomine (lat.), que significa "sem nome" (da editora)


%===================== REFERENCIAS ===================
%@ABNT-options{myoptions,abnt-repeated-author-omit=yes,key="aaaa"}


@misc{oecd:11a,
    title       =   {Digital Identity Management},
    subtitle    =   {Enabling Innovation and Trust in the Internet Economy},
    author      =   {OECD},
    year        =   {2011},
    howpublished=   {OECD Publishing}
}

@book{oecd:11b,
    title       =   {National strategies and policies for digital identity management in OECD countries},
    institution =   {Organisation for Economic Co-operation and Development},
    author      =   {OECD},
    year        =   {2011},
    publisher   =   {OECD Publishing}
}

@Misc{onu:10,
    title       =   {e-Government Survey},
    subtitle    =   {Levering e-government at a time of financial and economic crisis},
    author      =   {ONU},
    howpublished=   {Economy \& Social Affairs},
    year        =   {2010}
}

@Misc{onu:14,
    title       =   {e-Government Survey},
    subtitle    =   {e-Government for the Future We Want},
    author      =   {ONU},
    howpublished=   {Economy \& Social Affairs},
    year        =   {2014}
}

@article{itu:09,
    title       =   {{Series Y}},
    subtitle    =   {Global Information Infrastructure, Internet Protocol Aspects and Next-Generation Network},
    author      =   {ITU, TSO},
    journal     =   {Rec. ITU-T Y},
    volume      =   {2720},
    year        =   {2009}
}

@book{boudriga:09,
    title       =   {Security of mobile communications},
    author      =   {Boudriga, Noureddine},
    year        =   {2009},
    publisher   =   {CRC Press}
}

@article{enisa:09,
    title       =   {Privacy features of European eID card specifications},
    author      =   {Naumann, Ingo and Hogben, Giles},
    journal     =   {Network Security},
    volume      =   {2008},
    number      =   {8},
    pages       =   {9--13},
    year        =   {2008},
    publisher   =   {Elsevier},
    url         =   {http://dx.doi.org/10.1016/S1353-4858(08)70097-7},
    OPTnote     =   {https://www.enisa.europa.eu/publications/eid-cards-en},
}

@ARTICLE{dhamija:08, 
    title       =   {The Seven Flaws of Identity Management},
    subtitle    =   {Usability and Security Challenges}, 
    author      =   {Dhamija, R. and Dusseault, L.}, 
    journal     =   {Security Privacy, IEEE}, 
    year        =   {2008}, 
    month       =   {March}, 
    volume      =   {6}, 
    number      =   {2}, 
    pages       =   {24-29}, 
    keywords    =   {Web services;security of data;Web services;Web site services;credential management;identifier management;identity management systems;identity provider;personal information management;relying party;Authorization;Identity management systems;Information security;Markup languages;Power system management;Power system security;Privacy;Protocols;Usability;Web services;identity management;privacy;usability}, 
    url         =   {http://dx.doi.org/10.1109/MSP.2008.49}, 
    ISSN        =   {1540-7993},
}

@article{spantzel:07,
    title       =   {User centricity},
    subtitle    =   {a taxonomy and open issues},
    author      =   {Abhilasha Bhargav-Spantzel and Jan Camenisch and Thomas Gross and Dieter Sommer},
    journal     =   {Journal of Computer Security},
    volume      =   {15},
    number      =   {5},
    pages       =   {493--527},
    year        =   {2007},
    publisher   =   {IOS Press},
    url         =   {http://dx.doi.org/10.3233/JCS-2007-15502}
}

@inproceedings{josang:05,
    title       =   {User centric identity management},
    author      =   {J{\o}sang, Audun and Pope, Simon},
    booktitle   =   {AusCERT Asia Pacific Information Technology Security Conference},
    pages       =   {77},
    year        =   {2005},
    organization=   {Citeseer}
}

@article{clauss:01,
    title       =   {Identity management and its support of multilateral security},
    author      =   {Clau{\ss}, Sebastian and K{\"o}hntopp, Marit},
    journal     =   {Computer Networks},
    volume      =   {37},
    number      =   {2},
    pages       =   {205--219},
    year        =   {2001},
    publisher   =   {Elsevier},
    url         =   {http://dx.doi.org/10.1016/S1389-1286(01)00217-1}
}

@article{wangham:10,
    title       =   {Minicursos X Simpósio Brasileiro de Segurança da Informação e de Sistemas Computacionais},
    author      =   {Wangham, Michelle S and de Mello, Emerson Ribeiro and da Silva B{\"o}ger, Davi and Guerios, Marlon and da Silva Fraga, Joni},
    chapter     =   {Gerenciamento de Identidades Federadas},
    pages       =   {1--52},
    year        =   {2010},
    journal     =   {Minicurso-SBSeg 2010-Fortaleza-CE},
    url         =   {http://ceseg.inf.ufpr.br/anais/2010/minicursos.html}
}

@article{mj:15,
    title       =   {Conselho Nacional de Segurança Pública - CONASP},
    subtitle    =   {Recomendação n. 019, de 19 de fevereiro de 2014},
    author      =   {MJ},
    year        =   {2014},
    url         =   {http://goo.gl/qxDXyA},
    OPTnote     =   {http://www.justica.gov.br/sua-seguranca/seguranca-publica/conasp/pasta-virtual/recomendacoes/recomendacao-19-2014-ric.pdf/view}
}

@article{ePING:16,
    title       =   {{e-PING Padr{\~o}es de Interoperabilidade de Governo Eletr{\^o}nico}},
    author      =   {BRASIL},
    journal     =   {Comit{\^e} Executivo de Governo Eletr{\^o}nico, May},
    year        =   {2016},
    url         =   {http://eping.governoeletronico.gov.br/}
}

@article{baldoni:12,
    title       =   {Federated Identity Management systems in e--government},
    subtitle    =   {the case of Italy},
    author      =   {Baldoni, Roberto},
    journal     =   {Electronic Government, an International Journal},
    volume      =   {9},
    number      =   {1},
    pages       =   {64--84},
    year        =   {2012},
    publisher   =   {Inderscience},
    url         =   {http://dx.doi.org/10.1504/EG.2012.044779}
}

@misc{cetic:14,
    title           =   {TIC Domicílios},
    author          =   {{CETIC.BR}},
    year            =   {2014},
    timestamp       =   {2016.04.20},
    url             =   {http://www.cetic.br/pesquisa/domicilios/indicadores},
    urlaccessdate   =   {20 abr. 2016}
}

@misc{cetic:16,
    title           =   {TIC Domicílios},
    subtitle        =   {Análises e Apresentações},
    author          =   {{CETIC.BR}},
    year            =   {2014},
    timestamp       =   {2016.05.20},
    url             =   {http://www.cetic.br/media/analises/tic_domicilios_2014_coletiva_de_imprensa.pdf},
    urlaccessdate   =   {20 mai. 2016}
}

@misc{nicbr:16,
    title           =   {Uso de tecnologias móveis para a oferta de informações e serviços ainda é um desafio para setor público brasileiro, aponta Cetic.br},
    author          =   {{NIC.BR}},
    year            =   {2016},
    timestamp       =   {2016.04.28},
    url             =   {http://goo.gl/wmIhV3},
    OPTnote         =   {\url{http://nic.br/noticia/releases/uso-de-tecnologias-moveis-para-a-oferta-de-informacoes-e-servicos-ainda-e-um-desafio-para-setor-publico-brasileiro-aponta-cetic-br/}},
    urlaccessdate =   {02 mai. 2016}
}

@misc{intercede:16,
    title           =   {MyID},
    author          =   {{Intercede}},
    year            =   {2016},
    timestamp       =   {2016.04.07},
    url             =   {https://www.intercede.com/myid-faq/},
    urlaccessdate   =   {07 abr. 2016}
}

@misc{nic:14,
    title           =   {TIC Domicílios indica que 31\% da população brasileira usa Internet pelo telefone celular},
    author          =   {{NIC.BR}},
    year            =   {2014},
    timestamp       =   {2015.12.12},
    url             =   {http://nic.br/imprensa/releases/2014/rl-2014-20.htm},
    urlaccessdate   =   {12 dez. 2015}
}

@misc{cgi:10,
    title           =   {Pesquisa sobre o uso das tecnologias da informação e da comunicação no Brasil},
    author          =   {{CGI.BR}},
    year            =   {2010},
    timestamp       =   {2015.09.11},
    url             =   {http://www.cgi.br/media/docs/publicacoes/2/tic-governo-2010.pdf},
    urlaccessdate   =   {09 nov. 2015}
}

@article{chadwick:09,
    title       =   {Attribute aggregation in federated identity management},
    author      =   {Chadwick, David W and Inman, George},
    journal     =   {Computer},
    number      =   {5},
    pages       =   {33--40},
    year        =   {2009},
    publisher   =   {IEEE},
    url         =   {http://dx.doi.org/10.1109/MC.2009.143}
}

@article{gottschalk:08,
    title       =   {Stages of e-government interoperability},
    author      =   {Gottschalk, Petter and Solli-S{\ae}ther, Hans},
    journal     =   {Electronic Government, an International Journal},
    volume      =   {5},
    number      =   {3},
    pages       =   {310--320},
    year        =   {2008},
    publisher   =   {Inderscience Publishers},
    url         =   {http://dx.doi.org/10.1504/EG.2008.018877}
}

@book{popper:04,
    title       =   {A l{\'o}gica da pesquisa cient{\'\i}fica},
    author      =   {Popper, Karl R},
    year        =   {2004},
    publisher   =   {Editora Cultrix}
}

@article{faveri:08,
    title       =   {Educar para a Pesquisa},
    subtitle    =   {Normas para Produ{\c{c}}{\~a}o de Textos Cient{\'\i}ficos},
    author      =   {F{\'A}VERI, Helena Justen de and BLOGOSLAWSKI, Ilson Paulo Ramos and FACHINI, Olimpio},
    journal     =   {Nova Letra},
    volume      =   {200},
    year        =   {2008}
}

@article{gomes:94,
    title       =   {Pesquisa social},
    subtitle    =   {teoria, m{\'e}todo e criatividade.},
    author      =   {Gomes, Romeu and others},
    journal     =   {Petr{\'o}polis, RJ: Vozes},
    year        =   {1994}
}

@book{minayo:13,
    title       =   {Pesquisa social},
    subtitle    =   {teoria, m{\'e}todo e criatividade},
    author      =   {Minayo, Maria Cec{\'\i}lia de Souza and Deslandes, Suely Ferreira and Cruz Neto, Ot{\'a}vio and Gomes, Romeu},
    year        =   {2013},
    publisher   =   {Vozes}
}

@incollection{gil:10,
    title       =   {M{\'e}todos e t{\'e}cnicas de pesquisa social},
    author      =   {Gil, Antonio Carlos},
    booktitle   =   {M{\'e}todos e t{\'e}cnicas de pesquisa social},
    year        =   {2010},
    publisher   =   {Atlas}
}

@book{abelson:08,
    title       =   {Blown to bits},
    subtitle    =   {your life, liberty, and happiness after the digital explosion},
    author      =   {Abelson, Hal and Ledeen, Ken and Lewis, Harry},
    year        =   {2008},
    publisher   =   {Addison-Wesley Professional},
    ISBN        =   {9780136071433},
}

@inproceedings{bicakci:14,
    title       =   {Mobile authentication secure against man-in-the-middle attacks},
    author      =   {Bicakci, Kemal and Unal, Devrim and Ascioglu, Nadir and Adalier, Oktay},
    booktitle   =   {Mobile Cloud Computing, Services, and Engineering (MobileCloud), 2014 2nd IEEE International Conference on},
    pages       =   {273--276},
    year        =   {2014},
    organization=   {IEEE},
    url         =   {http://dx.doi.org/10.1109/MobileCloud.2014.43},
}

@inproceedings{reveilhac:09,
    title       =   {Promising secure element alternatives for NFC technology},
    author      =   {Reveilhac, Marie and Pasquet, Marc},
    booktitle   =   {Near Field Communication, 2009. NFC\'09. First International Workshop on},
    pages       =   {75--80},
    year        =   {2009},
    organization=   {IEEE},
    url         =   {http://dx.doi.org/10.1109/NFC.2009.14},
}

@incollection{keele:07,
    title       =   {Guidelines for performing systematic literature reviews in software engineering},
    author      =   {Keele, Staffs},
    booktitle   =   {Technical report, Ver. 2.3 EBSE Technical Report. EBSE},
    year        =   {2007}
}

@inproceedings{krimpe:14,
    title       =   {Mobile ID},
    subtitle    =   {Crucial element of m-Government},
    author      =   {Krimpe, Jana},
    booktitle   =   {Proceedings of the 2014 Conference on Electronic Governance and Open Society: Challenges in Eurasia},
    pages       =   {187--194},
    year        =   {2014},
    organization=   {ACM},
    url         =   {http://dx.doi.org/10.1145/2729104.2729133},
}

@inproceedings{prusa:15,
    title       =   {E-identity},
    sutitle     =   {Basic building block of e-Government},
    author      =   {Prusa, Jiri},
    booktitle   =   {IST-Africa Conference, 2015},
    pages       =   {1--10},
    year        =   {2015},
    organization=   {IEEE},
    url         =   {http://dx.doi.org/10.1109/ISTAFRICA.2015.7190586},
}

@incollection{zefferer:15,
    title       =   {Leveraging the Adoption of Mobile eID and e-Signature Solutions in Europe},
    author      =   {Zefferer, Thomas and Teufl, Peter},
    booktitle   =   {Electronic Government and the Information Systems Perspective},
    pages       =   {86--100},
    year        =   {2015},
    publisher   =   {Springer},
    url         =   {http://dx.doi.org/10.1007/978-3-319-22389-6_7},
}

@article{martens:10,
    title       =   {Electronic identity management in Estonia between market and state governance},
    author      =   {Martens, Tarvi},
    journal     =   {Identity in the Information Society},
    volume      =   {3},
    number      =   {1},
    pages       =   {213--233},
    year        =   {2010},
    publisher   =   {Springer},
    url         =   {http://dx.doi.org/10.1007/s12394-010-0044-0}
}

@incollection{martina:07,
    title       =   {Openhsm},
    subtitle    =   {An open key life cycle protocol for public key infrastructure’s hardware security modules},
    author      =   {Martina, Jean Everson and de Souza, Tulio Cicero Salvaro and Custodio, Ricardo Felipe},
    booktitle   =   {Public Key Infrastructure},
    pages       =   {220--235},
    year        =   {2007},
    publisher   =   {Springer},
    url         =   {http://dx.doi.org/10.1007/978-3-540-73408-6_16}
}

@article{pejas:12,
    title       =   {Authentication protocol for software and hardware components in distributed electronic signature creation system},
    author      =   {Peja{\'s}, Jerzy and El Fray, Imed and Ruci{\'n}ski, Andrzej},
    journal     =   {Prz Elektrotechniczn},
    number      =   {10b},
    year        =   {2012},
    ISSN        =   {0033-2097}
}

@incollection{adams:05,
    title       =   {One-Time Password},
    author      =   {Adams, Carlisle},
    booktitle   =   {Encyclopedia of Cryptography and Security},
    pages       =   {446--446},
    year        =   {2005},
    publisher   =   {Springer}
}

@book{van:14,
    title       =   {Encyclopedia of cryptography and security},
    author      =   {Van Tilborg, Henk CA and Jajodia, Sushil},
    year        =   {2014},
    publisher   =   {Springer Science \& Business Media}
}

@Misc{DocuSign:16,
    title       =   {What is a Secure Signature-Creation Device (SSCD)},
    author      =   {DocuSign},
    year        =   {2016},
    url         =   {http://www.arx.com/f-a-q/what-is-a-secure-signature-creation-device-sscd-3/}
}

@Misc{SafeNet:16,
    title       =   {Hardware Security Modules (HSMs)},
    author      =   {Safenet},
    year        =   {2016},
    url         =   {http://www.safenet-inc.pt/data-encryption/hardware-security-modules-hsms/}
}

@Misc{atIEEE:02,
    title       =   {Security Architecture of the Austrian Citizen Card Concept},
    author      =   {British Crown},
    year        =   {2002},
    publisher   =   {IEEE Computer Society},
    url         =   {http://dx.doi.org/10.1109/CSAC.2002.1176311}
}


@inproceedings{rath:14,
    title       =   {A secure and flexible server-based mobile eID and e-signature solution},
    author      =   {Rath, C and Roth, S and Schallar, M and Zefferer, T},
    booktitle   =   {The Eighth International Conference on Digital Society},
    pages       =   {7--12},
    year        =   {2014}
}

@article{ruiz:07,
    title       =   {A survey of electronic signature solutions in mobile devices},
    author      =   {Ruiz-Mart{\'\i}nez, Antonio and S{\'a}nchez-Mart{\'\i}nez, Daniel and Mart{\'\i}nez-Montesinos, Mar{\'\i}a and G{\'o}mez-Skarmeta, Antonio F},
    journal     =   {Journal of Theoretical and Applied Electronic Commerce Research},
    volume      =   {2},
    number      =   {3},
    pages       =   {94},
    year        =   {2007},
    publisher   =   {Universidad de Talca},
    ISSN        =   {0718–1876}
}

@inproceedings{van:13,
    title           =   {Better User Protection with Mobile Identity},
    author          =   {van Do, Thanh and Jonvik, Tore and Jorstad, Ivar and Van Do, Thuan},
    booktitle       =   {IT Convergence and Security (ICITCS), 2013 International Conference on},
    pages           =   {1--4},
    year            =   {2013},
    organization    =   {IEEE},
    url             =   {http://dx.doi.org/10.1109/ICITCS.2013.6717809}
}

@misc{fido:16,
    title           =   {About The FIDO Alliance},
    author          =   {{FIDO Alliance}},
    year            =   {2016},
    timestamp       =   {2016.03.30},
    url             =   {https://fidoalliance.org/about/overview/},
    urlaccessdate   =   {30 mar. 2016}
}

@misc{fido-ms:15,
    title           =   {Windows Hello Waves Off Passwords},
    author          =   {{FIDO Alliance}},
    year            =   {2015},
    timestamp       =   {2015.05.01},
    url             =   {http://fidoalliance.org/windows-hello-waves-off-passwords-2/},
    urlaccessdate   =   {30 mar. 2016}
}

@article{fidoUAF:14,
    title           =   {FIDO UAF Architectural Overview},
    author          =   {Srinivas, Sampath and Kemp, John and Alliance, FIDO},
    year            =   {2014},
    publisher       =   {Citeseer}
}

@article{fidoUAFprotocol:14,
    title           =   {FIDO UAF Protocol Specification},
    author          =   {Lindemann, Rolf and Baghdsaryan, Davit and Tiffany, Eric},
    journal         =   {Palo Alto: FIDO Alliance},
    year            =   {2014}
}

@article{fidoU2F:15,
    title           =   {Universal 2nd factor (U2F) overview},
    author          =   {Srinivas, Sampath and Balfanz, Dirk and Tiffany, Eric and Alliance, FIDO},
    journal         =   {FIDO Alliance Proposed Standard},
    pages           =   {1--5},
    year            =   {2015}
}

@article{goode:14,
    title           =   {Bring your own finger--how mobile is bringing biometrics to consumers},
    author          =   {Goode, Alan},
    journal         =   {Biometric Technology Today},
    volume          =   {2014},
    number          =   {5},
    pages           =   {5--9},
    year            =   {2014},
    publisher       =   {Elsevier},
    url             =   {http://dx.doi.org/10.1016/S0969-4765(14)70088-8}
}

@article{thiemann:16,
    title           =   {Picking the right path to mobile biometric authentication},
    author          =   {Thiemann, Todd},
    journal         =   {Biometric Technology Today},
    volume          =   {2016},
    number          =   {2},
    pages           =   {5--8},
    year            =   {2016},
    publisher       =   {Elsevier},
    url             =   {http://dx.doi.org/10.1016/S0969-4765(16)30034-0}
}

@article{tee:11,
    title           =   {The trusted execution environment: delivering enhanced security at a lower cost to the mobile market},
    author          =   {{Global Platform}},
    journal         =   {Global Platform white paper},
    pages           =   {1--26},
    year            =   {2011},
    url             =   {http://globalplatform.org/\%5C/documents/GlobalPlatform_TEE_White_Paper_Feb2011.pdf}
}

@misc{nexusImprint:15,
    title           =   {FPC’s OneTouch® FPC1025 fingerprint sensor in Google’s Nexus 5X and Nexus 6P smartphones},
    author          =   {Fingerprints},
    year            =   {2015},
    timestamp       =   {2015.09.29},
    url             =   {http://www.fingerprints.com/blog/2015/09/29/fpcs-onetouch-fpc1025-fingerprint-sensor-in-googles-nexus-5x-and-nexus-6p-smartphones/},
    urlaccessdate   =   {10 dez. 2015}
}

@misc{nexusImprint:16,
    title           =   {Fingerprint security on Nexus devices},
    author          =   {Google},
    year            =   {2016},
    timestamp       =   {2016.06.20},
    url             =   {https://support.google.com/nexus/answer/6300638?hl=en},
    urlaccessdate   =   {20 jun. 2016}
}

@inproceedings{marforio:13,
    title           =   {Secure enrollment and practical migration for mobile trusted execution environments},
    author          =   {Marforio, Claudio and Karapanos, Nikolaos and Soriente, Claudio and Kostiainen, Kari and Capkun, Srdjan},
    booktitle       =   {Proceedings of the Third ACM workshop on Security and privacy in smartphones \& mobile devices},
    pages           =   {93--98},
    year            =   {2013},
    organization    =   {ACM},
    url             =   {http://dx.doi.org/10.1145/2516760.2516764}
}

@article{ekberg:14,
    title           =   {The Untapped Potential of Trusted Execution Environments on Mobile Devices},
    author          =   {Ekberg, Jan-Erik and Kostiainen, Kari and Asokan, N},
    journal         =   {IEEE Security \& Privacy},
    volume          =   {12},
    number          =   {4},
    pages           =   {29--37},
    year            =   {2014},
    url             =   {http://dx.doi.org/10.1109/MSP.2014.38}
}

@inproceedings{sorber:12,
    title           =   {Plug-n-trust: practical trusted sensing for mhealth},
    author          =   {Sorber, Jacob M and Shin, Minho and Peterson, Ron and Kotz, David},
    booktitle       =   {Proceedings of the 10th international conference on Mobile systems, applications, and services},
    pages           =   {309--322},
    year            =   {2012},
    organization    =   {ACM},
    url             =   {http://dx.doi.org/10.1145/2307636.2307665}
}

@inproceedings{saroiu:10,
    title           =   {I am a sensor, and I approve this message},
    author          =   {Saroiu, Stefan and Wolman, Alec},
    booktitle       =   {Proceedings of the Eleventh Workshop on Mobile Computing Systems \& Applications},
    pages           =   {37--42},
    year            =   {2010},
    organization    =   {ACM},
    url             =   {http://dx.doi.org/10.1145/1734583.1734593}
}

@inproceedings{clei:16,
    title           ={National strategy of identity management to boost Brazilian electronic government program},
    author          =   {Torres, José Alberto Sousa and Verzeletti, Glaidson Menegazzo and Távora, Rodrigo and Sousa, Rafael Timóteo and Mello, Emerson Ribeiro and Wangham, Michelle Silva},
    booktitle       =   {Computing Conference (CLEI), 2016 XLII Latin American},
    pages           =   {1--12},
    year            =   {2016},
    address         =   {Valparaíso/Chile},
    organization    =   {IEEE}
}

@misc{ric:98,
    title           =   {O projeto de registro de identidade civil RIC},
    author          =   {Ara{\'u}jo, ME},
    year            =   {1998},
    publisher       =   {Minist{\'e}rio da Justi{\c{c}}a, Departamento}
}

@misc{rcn:15,
    title           =   {PL 1775/15 - Registro Civil Nacional (RCN)},
    author          =   {Osmar Serraglio},
    year            =   {2015},
    timestamp       =   {2015.08.27},
    url             =   {http://www2.camara.leg.br/atividade-legislativa/comissoes/comissoes-temporarias/especiais/55a-legislatura/pl-1775-15-registro-civil-nacional-rcn},
    urlaccessdate   =   {02 mar. 2016}
}

@misc{rtRIC:15,
    title           =   {Relatório Técnico - Dados Biográficos do Programa RIC},
    author          =   {UnB},
    year            =   {2015},
    timestamp       =   {2015.03.31},
    url             =   {http://justica.gov.br/Acesso/governanca/pdfs/biometria-e-controle/20150331-mj-ric-rt-dados-biograficos-do-programa-ric.pdf},
    urlaccessdate   =   {07 jun. 2016}
}

@misc{rt-EU_RIC:15,
    title           =   {Relatório Técnico - Estratégias Nacionais de Gestão de Identidade na Europa},
    author          =   {UnB},
    year            =   {2015},
    timestamp       =   {2015.06.08},
    url             =   {http://justica.gov.br/Acesso/governanca/pdfs/estrutura-documental/20150608-mj-ric-rt-estrategias-nacionais-de-gestao-de-identidade-na-europa.pdf},
    urlaccessdate   =   {03 abr. 2015}
}

@misc{rt-ASIA_RIC:15,
    title           =   {Relatório Técnico - Estratégias Nacionais de Gestão de Identidade na Asia},
    author          =   {UnB},
    year            =   {2015},
    timestamp       =   {2015.06.25},
    url             =   {http://justica.gov.br/Acesso/governanca/pdfs/},
    urlaccessdate   =   {03 abr. 2015}
}

@techreport{gemalto:14,
    title           =   {White National Mobile ID schemes},
    subtitle        =   {Learning from today's best practices},
    author          =   {Gemalto},
    year            =   {2014},
    institution     =   {Gemalto},
    url             =   {http://www.gemalto.com/brochures-site/download-site/Documents/documentgating/gov_wp_MobileID.pdf}
}

@incollection{lenk:02,
    title           =   {Electronic government: where are we heading?},
    author          =   {Lenk, Klaus and Traunm{\"u}ller, Roland},
    booktitle       =   {Electronic Government},
    pages           =   {1--9},
    year            =   {2002},
    publisher       =   {Springer},
    url             =   {http://dx.doi.org/10.1007/3-540-46138-8_1}
}
    
@incollection{dawes:02,
    title           =   {Building collaborative digital government systems},
    author          =   {Dawes, Sharon S and Pardo, Theresa A},
    booktitle       =   {Advances in digital government},
    pages           =   {259--273},
    year            =   {2002},
    publisher       =   {Springer},
    url             =   {http://dx.doi.org/10.1007/0-306-47374-7_16}
}

@inproceedings{carter:04,
    title           =   {Citizen adoption of electronic government initiatives},
    author          =   {Carter, Lemuria and Belanger, France},
    booktitle       =   {System Sciences, 2004. Proceedings of the 37th Annual Hawaii International Conference on},
    pages           =   {10--pp},
    year            =   {2004},
    organization    =   {IEEE},
    url             =   {http://dx.doi.org/10.1109/HICSS.2004.1265306}
}

@inproceedings{torres:15,
    title           =   {An Analysis of the Brazilian Challenges to Advance in e-Government},
    author          =   {Torres, Jos{\'e} Alberto and Peixoto, H{\'e}lvio and de Deus, Flavio and de Sousa Junior, Rafael},
    booktitle       =   {Proceedings of the 15th European Conference on eGovernment 2015: ECEG 2015},
    pages           =   {283},
    year            =   {2015},
    organization    =   {Academic Conferences Limited}
}

@misc{govBR:16,
    title           =   {Programa de Governo Eletrônico Brasileiro},
    author          =   {{GOV.BR}},
    year            =   {2016},
    timestamp       =   {2016.07.10},
    url             =   {http://www.governoeletronico.gov.br/},
    urlaccessdate   =   {10 jul. 2016}
}

@book{livroVerde:00,
    title           =   {Sociedade da informa{\c{c}}{\~a}o no Brasil: livro verde},
    author          =   {Takahashi, Tadao},
    year            =   {2000},
    publisher       =   {Minist{\'e}rio da Ci{\^e}ncia e Tecnologia (MCT)}
}

@misc{icpBrasil:16,
    title           =   {Infra-estrutura de Chaves P{\'u}blicas Brasileira},
    author          =   {Brasil, ICP},
    year            =   {2016},
    timestamp       =   {2016.07.07},
    url             =   {http://www.iti.gov.br/icp-brasil},
    urlaccessdate   =   {07 jul. 2016}
}

@misc{prodest:15,
    title           =   {Prodest e Instituto Nacional debatem ações para implantar Cartão Cidadão},
    author          =   {Espírito Santo, Governo do Estado},
    year            =   {2013},
    timestamp       =   {2013.07.05},
    url             =   {http://www.es.gov.br/Noticias/161898/prodest-e-instituto-nacional-debatem-acoes-para-implantar-cartao-cidadao.htm},
    urlaccessdate   =   {07 dez. 2015}
}

@misc{eCPF:16,
    title           =   {e-CPF},
    author          =   {Certisign},
    year            =   {2016},
    timestamp       =   {2016.03.07},
    url             =   {https://www.certisign.com.br/certificado-digital/para-voce/ecpf},
    urlaccessdate   =   {07 mar. 2016}
}

@misc{prodemge:15,
    title           =   {Lançado e-CPF para micros e pequenas empresas},
    author          =   {PRODEMGE},
    year            =   {2015},
    timestamp       =   {2015.11.07},
    url             =   {http://www.prodemge.mg.gov.br/banco-de-noticias/120-lancado-e-cpf-para-micros-e-pequenas-empresas},
    urlaccessdate   =   {07 nov. 2015}
}

@misc{tseBiometria:15,
    title           =   {Recadastramento biométrico no Brasil},
    author          =   {{TSE}},
    year            =   {2015},
    timestamp       =   {2015.11.07},
    url             =   {http://www.tse.jus.br/eleitor/recadastramento-biometrico-no-brasil},
    urlaccessdate   =   {07 nov. 2015}
}

@misc{gtti:00,
    title           =   {Grupo de Trabalho Interministerial},
    author          =   {Casa Civil, Presidência da República},
    year            =   {2000},
    timestamp       =   {2000.04.03},
    url             =   {http://www.planalto.gov.br/ccivil_03/DNN/2000/Dnn8917.htm},
    urlaccessdate   =   {07 jul. 2016}
}

@misc{ePWG:08,
    title           =   {ePWG - Padrões Web em Governo Eletrônico},
    author          =   {{GOV.BR}},
    year            =   {2008},
    timestamp       =   {2008.01.01},
    url             =   {http://www.governoeletronico.gov.br/eixos-de-atuacao/gestao/epwg-padroes-web-em-governo-eletronico},
    urlaccessdate   =   {07 jul. 2016}
}

@inproceedings{interoperabilidade:10,
    title           =   {What does interoperability mean, anyway? Toward an operational definition of interoperability for language technology},
    author          =   {Ide, Nancy and Pustejovsky, James},
    booktitle       =   {Proceedings of the Second International Conference on Global Interoperability for Language Resources. Hong Kong, China},
    year            =   {2010}
}

@article{portaria92:14,
    title           =   {Portaria nº 92, de 24 de dezembro de 2014},
    author          =   {MPOG},
    journal         =   {Di{\'a}rio Oficial da Uni{\~a}o},
    year            =   {2014},
    url             =   {http://pesquisa.in.gov.br/imprensa/jsp/visualiza/index.jsp?jornal=1&pagina=50&data=26/12/2014}
}

@misc{govBR_ePINGe:16,
    title           =   {ePING - Padrões de Interoperabilidade de Governo Eletrônico},
    author          =   {{GOV.BR}},
    year            =   {2016},
    timestamp       =   {2016.06.03},
    url             =   {http://www.governoeletronico.gov.br/eixos-de-atuacao/gestao/interoperabilidade/eping-padroes-de-interoperabilidade-de-governo-eletronico},
    urlaccessdate   =   {07 jul. 2016}
}

@article{nstc:08,
    title           =   {Identity Management Task Force Report},
    author          =   {NSTC},
    journal         =   {Subcomiittee on Biometrics and Identity Management},
    year            =   {2008},
    url             =   {https://www.whitehouse.gov/sites/default/files/microsites/ostp/nstc-identitymgmt-2008.pdf}
}

@misc{mobileidworld:15,
    title           =   {What is Mobile ID?},
    author          =   {{Mobile ID World}},
    year            =   {2015},
    timestamp       =   {2015.12.17},
    url             =   {http://mobileidworld.com/what-is-mobile-id/},
    urlaccessdate   =   {17 dez. 2015}
}

@Inproceedings{tavora:15,
    title           =   {Proposta de um modelo de documento de identidade robusto a fraudes e de baixo custo},
    author          =   {Rodrigo G. Fernandes Tavora and José Alberto S. Torres and Diogenes F. Reis Fustinoni},
    booktitle       =   {V WGID - Workshop de Gestão de Identidades -- XV Simpósio Brasileiro em Segurança da Informação e de Sistemas Computacionais - SBSeg},
    year={2015},
    url             =   {http://sbseg2015.univali.br/anais/WGID/artigoWGID02.pdf}
}

@misc{swisscom:16,
    title           =   {Mobile ID in brief},
    author          =   {Swisscom},
    year            =   {2016},
    timestamp       =   {2016.07.12},
    url             =   {https://www.swisscom.ch/en/residential/help/loesung/mobile-id-in-kuerze.html},
    urlaccessdate   =   {12 jul. 2016}
}

@inproceedings{zwattendorfer:11,
    title           =   {A privacy-preserving eID based Single Sign-On solution},
    author          =   {Zwattendorfer, Bernd and Tauber, Arne and Zefferer, Thomas},
    booktitle       =   {Network and System Security (NSS), 2011 5th International Conference on},
    pages           =   {295--299},
    year            =   {2011},
    organization    =   {IEEE},
    url             =   {http://dx.doi.org/10.1109/ICNSS.2011.6060018}
}

@misc{telia:16,
    title           =   {Mobile ID},
    author          =   {Telia},
    year            =   {2016},
    timestamp       =   {2016.06.27},
    url             =   {https://www.telia.ee/en/era/muud-teenused/mobiil-id},
    urlaccessdate   =   {27 jun. 2016}
}

@inproceedings{madlmayr:07,
    title           =   {The benefit of using SIM application toolkit in the context of near field communication applications},
    author          =   {Madlmayr, Gerald and Dillinger, Oliver and Langer, Juergen and Schaffer, Chris and Kantner, Christian and Scharinger, Josef},
    booktitle       =   {Management of Mobile Business, 2007. ICMB 2007. International Conference on the},
    pages           =   {5--5},
    year            =   {2007},
    organization    =   {IEEE},
    url             =   {http://dx.doi.org/10.1109/ICMB.2007.62}
}

@inproceedings{guaus:08,
    title           =   {Best Practice for Mobile Financial Services: Enrolment Business Model Analysis},
    author          =   {Guaus, J and Kanniainen, L and Koistinen, P and Laaksonen, P and Murphy, K and Remes, J and Taylor, N and Welin, O},
    booktitle       =   {Mobey Forum Mobile Financial Services Ltd., Helsinki, Finland, Online, June},
    year            =   {2008}
}

@article{tsai:06,
    title           =   {SIM-based subscriber authentication mechanism for wireless local area networks},
    author          =   {Tsai, Yuh-Ren and Chang, Cheng-Ju},
    journal         =   {Computer Communications},
    volume          =   {29},
    number          =   {10},
    pages           =   {1744--1753},
    year            =   {2006},
    publisher       =   {Elsevier},
    url             =   {http://dx.doi.org/10.1016/j.comcom.2005.09.016}
}

@inproceedings{alimi:09,
    title           =   {Post-distribution provisioning and personalization of a payment application on a UICC-based Secure Element},
    author          =   {Alimi, Vincent and Pasquet, Marc},
    booktitle       =   {Availability, Reliability and Security, 2009. ARES'09. International Conference on},
    pages           =   {701--705},
    year            =   {2009},
    organization    =   {IEEE},
    url             =   {http://dx.doi.org/10.1109/ARES.2009.98}
}

@article{milcarz:14,
    title           =   {Mobile Payment using $\{$HCE$\}$ and mPoint payment gateway based on $\{$NFC$\}$ enabled phones},
    author          =   {Milcarz, Grzegorz},
    year            =   {2014}
}

@misc{SafeNet,
    title           =   {Hardware Security Modules (HSMs)},
    author          =   {Safenet},
    year            =   {2016},
    timestamp       =   {2016.01.25},
    url             =   {http://www.safenet-inc.pt/data-encryption/hardware-security-modules-hsms/},
    urlaccessdate   =   {25 jan. 2016}
}

@article{hansen:08,
    title           =   {Privacy and identity management},
    author          =   {Hansen, Marit and Schwartz, Ari and Cooper, Alissa},
    journal         =   {IEEE Security \& Privacy},
    volume          =   {6},
    number          =   {2},
    pages           =   {38--45},
    year            =   {2008},
    publisher       =   {IEEE},
    url             =   {http://dx.doi.org/10.1109/MSP.2008.41}
}

@inproceedings{josang:07,
    title           =   {Usability and privacy in identity management architectures},
    author          =   {J{\o}sang, Audun and Zomai, Muhammed Al and Suriadi, Suriadi},
    booktitle       =   {Proceedings of the fifth Australasian symposium on ACSW frontiers-Volume 68},
    pages           =   {143--152},
    year            =   {2007},
    organization    =   {Australian Computer Society, Inc.},
    ISBN            =   {1-920-68285-X},
    url             =   {http://dl.acm.org/citation.cfm?id=1274548}
}

@inproceedings{laurindo:15,
    title           =   {Seguran{\c{c}}a em Mobile Crowd Sensing},
    author          =   {Laurido, Jo{\'e}lisson Joaquim de V and Feitosa, Eduardo Luzeiro},
    booktitle       =   {V WGID - Workshop de Gestão de Identidades -- XV Simpósio Brasileiro em Segurança da Informação e de Sistemas Computacionais - SBSeg},
    pages           =   {51-92},
    year            =   {2015},
    url             =   {http://sbseg2015.univali.br/anais/WGID/artigoWGID02.pdf}
}

@techreport{pournajaf:14,
    title           =   {A survey on privacy in mobile crowd sensing task management},
    author          =   {Pournajaf, Layla and Xiong, Li and Garcia-Ulloa, Daniel A and Sunderam, Vaidy},
    year            =   {2014},
    institution     =   {Technical Report TR-2014-002, Department of Mathe-matics and Computer Science, Emory University},
    url             =   {http://www.mathcs.emory.edu/~lpourna/papers/pournajaf-survey14.pdf}
}

@inproceedings{junior:10,
    title           =   {Aspectos de seguran{\c{c}}a e privacidade em ambientes de Computa{\c{c}}{\~a}o em Nuvem},
    author          =   {Junior, Arlindo Marcon and Laureano, Marcos and Santin, Altair and Maziero, Carlos},
    booktitle       =   {Minicursos -- X Simpósio Brasileiro em Segurança da Informação e de Sistemas Computacionais - SBSeg},
    pages           =   {53-103},
    year            =   {2010},
    url             =   {http://ceseg.inf.ufpr.br/anais/2010/minicursos.html}
}

@book{oecdPrivacy:13,
    title           =   {OECD Guidelines on the Protection of Privacy and Transborder Flows of Personal Data},
    author          =   {Organisation for Economic Co-operation and Development},
    year            =   {2013},
    publisher       =   {OECD Publishing},
    url             =   {http://www.oecd.org/internet/ieconomy/oecdguidelinesontheprotectionofprivacyandtransborderflowsofpersonaldata.htm} 
}

@article{kerttula:15,
    title           =   {A novel federated strong mobile signature service—The Finnish case},
    author          =   {Kerttula, Esa},
    journal         =   {Journal of Network and Computer Applications},
    volume          =   {56},
    pages           =   {101--114},
    year            =   {2015},
    publisher       =   {Elsevier},
    url             =   {http://dx.doi.org/10.1016/j.jnca.2015.06.007}
}

@inproceedings{morgner:12,
    title           =   {Mobile smart card reader using NFC-enabled smartphones},
    author          =   {Morgner, Frank and Oepen, Dominik and M{\"u}ller, Wolf and Redlich, Jens-Peter},
    booktitle       =   {International Conference on Security and Privacy in Mobile Information and Communication Systems},
    pages           =   {24--37},
    year            =   {2012},
    organization    =   {Springer},
    url             =   {http://dx.doi.org/10.1007/978-3-642-33392-7_3}
}

@inproceedings{wu:14,
    title           =   {Research of eID Mobile Identity Authentication Method},
    author          =   {Wu, Xu and Fan, Yue and Zhang, Xi and Xu, Jin},
    booktitle       =   {International Conference on Trustworthy Computing and Services},
    pages           =   {350--358},
    year            =   {2014},
    organization    =   {Springer},
    url             =   {http://dx.doi.org/10.1007/978-3-662-47401-3_46}
}

@inproceedings{rana:13,
    title           =   {Identity verification through face recognition, Android smartphones and NFC},
    author          =   {Rana, Antonia and Ciardulli, Andrea},
    booktitle       =   {Internet Security (WorldCIS), 2013 World Congress on},
    pages           =   {162--163},
    year            =   {2013},
    organization    =   {IEEE},
    url             =   {http://dx.doi.org/10.1109/WorldCIS.2013.6751039}
}

@inproceedings{en:11,
    title           =   {Towards an open framework for mobile digital identity management through strong authentication methods},
    author          =   {En-Nasry, Brahim and El Kettani, Mohamed Dafir Ech-Cherif},
    booktitle       =   {FTRA International Conference on Secure and Trust Computing, Data Management, and Application},
    pages           =   {56--63},
    year            =   {2011},
    organization    =   {Springer},
    url             =   {http://dx.doi.org/10.1007/978-3-642-22365-5_8}
}

@inproceedings{verzeletti:14,
    title           =   {Um Estudo Comparativo de Estrat{\'e}gias Nacionais de Gestao de Identidades para Governo Eletr{\^o}nico},
    author          =   {Verzeletti, Glaidson Menegazzo and Wangham, Michelle Silva and de Mello, Emerson Ribeiro and Torres, Jos{\'e} Alberto Sousa},
    booktitle       =   {XIV Simpósio Brasileiro em Segurança da Informação e de Sistemas Computacionais — SBSeg},
    year            =   {2014},
    url             =   {http://www.lbd.dcc.ufmg.br/colecoes/sbseg/2014/0074.pdf}
}

@incollection{camenisch:07,
    title           =   {Federated identity management},
    author          =   {Camenisch, Jan and Pfitzmann, Birgit},
    booktitle       =   {Security, Privacy, and Trust in Modern Data Management},
    pages           =   {213--238},
    year            =   {2007},
    publisher       =   {Springer},
    url             =   {http://dx.doi.org/10.1007/978-3-540-69861-6_15}
}

@incollection{mello:09,
    title           =   {A model for authentication credentials translation in service oriented architecture},
    author          =   {De Mello, Emerson Ribeiro and Wangham, Michelle S and da Silva Fraga, Joni and De Camargo, Edson T and da Silva B{\"o}ger, Davi},
    booktitle       =   {Transactions on Computational Science IV},
    pages           =   {68--86},
    year            =   {2009},
    publisher       =   {Springer},
    url             =   {http://dx.doi.org/10.1007/978-3-642-01004-0_5}
}

@article{saml:08,
    title           =   {Security assertion markup language (SAML) V2. 0 technical overview},
    author          =   {Lockhart, Hal and Campbell, B},
    journal         =   {OASIS Committee Draft},
    volume          =   {2},
    pages           =   {94--106},
    year            =   {2008},
    url             =   {https://www.oasis-open.org/committees/download.php/27819/sstc-saml-tech-overview-2.0-cd-02.pdf}
}

@misc{simpleSAMLphp:06,
    title           =   {SimpleSAMLphp Documentation},
    author          =   {UNINETT },
    year            =   {2016},
    timestamp       =   {2016.12.21},
    url             =   {https://simplesamlphp.org/docs/stable/},
    urlaccessdate   =   {21 dez. 2016}
}

@Misc{deMONA:11,
    title           =   {Mobile eID application for the German identity card},
    author          =   {Horsch, Moritz and Braun, Johannes and Wiesmaier, Alex},
    year            =   {2011},
    howpublished    =   {Technische Universität Darmstadt},
    timestamp       =   {2017.01.21}, 
    url             =   {https://goo.gl/A4mkGk},
    urlaccessdate   =   {21 jan. 2017}  
}

@Misc{deAusweisApp:15,
    author          =   {BSI},
    title           =   {Neue Software für den Online-Ausweis},
    year            =   {2015},
    howpublished    =   {Federal Office for Information Security},
    timestamp       =   {2015.12.27},
    url             =   {https://www.ausweisapp.bund.de/en/startseite/},
    urlaccessdate   =   {27 dez. 2015}
}

@Misc{esDNIE:15,
    author          =   {CNP},
    title           =   {DNI electrónico},
    howpublished    =   {Cuerpo Nacional de Policía},
    year            =   {2015},
    timestamp       =   {2015.12.23},
    url             =   {http://www.dnielectronico.es/},
    urlaccessdate   =   {23 dez. 2015}
}

@Misc{oliveira:07,
    author          =   {Oliveira, Henrique},
    title           =   {Quadros, tabelas e figuras},
    subtitle        =   {como formatar, como citar, qual a diferença?},
    howpublished    =   {Cuerpo Nacional de Policía},
    year            =   {2007},
    timestamp       =   {2009.09.10},
    url             =   {http://www.administradores.com.br/producao_academica/quadros_tabelas_e_figuras_como_formatar_como_citar_qual_a_diferenca/},
    urlaccessdate   =   {10 set. 2009}
}
