%% This BibTeX bibliography file was created using BibDesk.
%% http://bibdesk.sourceforge.net/


%% Created for Lauro Cesar Araujo at 2013-08-21 10:57:09 -0300 


%% Saved with string encoding Unicode (UTF-8) 



@book{ibge1993,
	Address = {Rio de Janeiro},
	Author = {IBGE},
	Date-Added = {2013-08-21 13:56:10 +0000},
	Date-Modified = {2013-08-21 13:56:10 +0000},
	Edition = {3},
	Organization = {http://biblioteca.ibge.gov.br/visualizacao/livros/liv23907.pdf},
	Publisher = {Centro de Documenta{\c c}{\~a}o e Dissemina{\c c}{\~a}o de Informa{\c c}{\~o}es. Funda{\c c}{\~a}o Intituto Brasileiro de Geografia e Estat{\'\i}stica},
	Title = {Normas de apresenta{\c c}{\~a}o tabular},
	Urlaccessdate = {21 ago 2013},
	Year = {1993}}

@misc{abntex2-wiki-como-customizar,
	Author = {abnTeX2},
	Date-Added = {2013-03-23 21:39:21 +0000},
	Date-Modified = {2013-03-23 21:44:20 +0000},
	Howpublished = {Wiki do abnTeX2},
	Keywords = {wiki},
	Title = {Como customizar o abnTeX2},
	Url = {https://code.google.com/p/abntex2/wiki/ComoCustomizar},
	Urlaccessdate = {23 mar. 2013},
	Year = {2013},
	Bdsk-Url-1 = {https://code.google.com/p/abntex2/wiki/ComoCustomizar}}

@manual{talbot2012,
	Author = {Nicola L.C. Talbot},
	Date-Added = {2013-03-11 12:06:04 +0000},
	Date-Modified = {2013-03-11 12:06:56 +0000},
	Month = {Nov.},
	Title = {User Manual for glossaries.sty},
	Url = {http://mirrors.ctan.org/macros/latex/contrib/glossaries/glossaries-user.pdf},
	Urlaccessdate = {11 mar. 2013},
	Year = {2012},
	Bdsk-Url-1 = {http://mirrors.ctan.org/macros/latex/contrib/glossaries/glossaries-user.pdf}}

@manual{babel,
	Author = {Johannes Braams},
	Date-Added = {2013-02-17 13:37:14 +0000},
	Date-Modified = {2013-02-17 13:38:38 +0000},
	Month = {Apr.},
	Title = {Babel, a multilingual package for use with LATEX's standard document classes},
	Url = {http://mirrors.ctan.org/info/babel/babel.pdf},
	Urlaccessdate = {17 fev. 2013},
	Year = {2008},
	Bdsk-Url-1 = {http://mirrors.ctan.org/info/babel/babel.pdf}}

@manual{abntex2modelo-artigo,
	Annote = {Este documento {\'e} derivado do \cite{abnt-bibtex-doc}},
	Author = {abnTeX2},
	Date-Added = {2013-01-15 00:10:35 +0000},
	Date-Modified = {2013-02-04 12:05:47 +0000},
	Organization = {Equipe abnTeX2},
	Title = {Modelo Can{\^o}nico de Artigo Cient{\'\i}fico com abnTeX2},
	Url = {http://abntex2.googlecode.com/},
	Year = {2013},
	Bdsk-Url-1 = {http://code.google.com/p/abntex2/}}

@manual{abntex2modelo-relatorio,
	Annote = {Este documento {\'e} derivado do \cite{abnt-bibtex-doc}},
	Author = {abnTeX2},
	Date-Added = {2013-01-15 00:05:34 +0000},
	Date-Modified = {2013-02-04 12:05:50 +0000},
	Organization = {Equipe abnTeX2},
	Title = {Modelo Can{\^o}nico de Relat{\'o}rio T{\'e}cnico e/ou Cient{\'\i}fico com abnTeX2},
	Url = {http://abntex2.googlecode.com/},
	Year = {2013},
	Bdsk-Url-1 = {http://code.google.com/p/abntex2/}}

@manual{abntex2modelo,
	Annote = {Este documento {\'e} derivado do \cite{abnt-bibtex-doc}},
	Author = {abnTeX2},
	Date-Added = {2013-01-12 22:55:32 +0000},
	Date-Modified = {2013-02-04 12:05:54 +0000},
	Organization = {Equipe abnTeX2},
	Title = {Modelo Can{\^o}nico de Trabalho Acad{\^e}mico com abnTeX2},
	Url = {http://abntex2.googlecode.com/},
	Year = {2013},
	Bdsk-Url-1 = {http://code.google.com/p/abntex2/}}

@mastersthesis{araujo2012,
	Address = {Bras{\'\i}lia},
	Author = {Lauro C{\'e}sar Araujo},
	Date-Added = {2013-01-09 11:04:42 +0000},
	Date-Modified = {2013-01-09 11:04:42 +0000},
	Month = {mar.},
	School = {Universidade de Bras{\'\i}lia},
	Subtitle = {uma perspectiva de {A}rquitetura da {I}nforma{\c c}{\~a}o da {E}scola de {B}ras{\'\i}lia},
	Title = {Configura{\c c}{\~a}o},
	Year = {2012}}

@manual{memoir,
	Address = {Normandy Park, WA},
	Author = {Peter Wilson and Lars Madsen},
	Date-Added = {2013-01-09 10:37:50 +0000},
	Date-Modified = {2013-03-21 13:23:25 +0000},
	Organization = {The Herries Press},
	Title = {The Memoir Class for Configurable Typesetting - User Guide},
	Url = {http://mirrors.ctan.org/macros/latex/contrib/memoir/memman.pdf},
	Urlaccessdate = {19 dez. 2012},
	Year = {2010},
	Bdsk-Url-1 = {http://ctan.tche.br/macros/latex/contrib/memoir/memman.pdf}}

@manual{abntex2cite-alf,
	Annote = {Este documento {\'e} derivado do \cite{abnt-bibtex-alf-doc}},
	Author = {abnTeX2 and Lauro C{\'e}sar Araujo},
	Date-Added = {2013-01-09 10:37:45 +0000},
	Date-Modified = {2013-04-05 11:03:05 +0000},
	Organization = {Equipe abnTeX2},
	Title = {O pacote abntex2cite: t{\'o}picos espec{\'\i}ficos da ABNT NBR 10520:2002 e o estilo bibliogr{\'a}fico alfab{\'e}tico (sistema autor-data)},
	Url = {http://abntex2.googlecode.com/},
	Year = {2013},
	Bdsk-Url-1 = {http://code.google.com/p/abntex2/}}

@manual{abntex2cite,
	Annote = {Este documento {\'e} derivado do \cite{abnt-bibtex-doc}},
	Author = {abnTeX2 and Lauro C{\'e}sar Araujo},
	Date-Added = {2013-01-09 10:37:45 +0000},
	Date-Modified = {2013-04-05 10:47:36 +0000},
	Organization = {Equipe abnTeX2},
	Title = {O pacote abntex2cite: Estilos bibliogr{\'a}ficos compat{\'\i}veis com a ABNT NBR 6023},
	Url = {http://abntex2.googlecode.com/},
	Year = {2013},
	Bdsk-Url-1 = {http://code.google.com/p/abntex2/}}

@manual{abntex2classe,
	Author = {abnTeX2 and Lauro C{\'e}sar Araujo},
	Date-Added = {2013-01-09 10:37:38 +0000},
	Date-Modified = {2013-04-05 11:03:48 +0000},
	Organization = {Equipe abnTeX2},
	Title = {A classe abntex2: Modelo can{\^o}nico de trabalhos acad{\^e}micos brasileiros compat{\'\i}vel com as normas ABNT NBR 14724:2011, ABNT NBR 6024:2012 e outras},
	Url = {http://abntex2.googlecode.com/},
	Year = {2013},
	Bdsk-Url-1 = {http://code.google.com/p/abntex2/}}

@manual{NBR10520:2002,
	Address = {Rio de Janeiro},
	Date-Added = {2012-12-15 21:43:38 +0000},
	Date-Modified = {2013-01-12 22:17:20 +0000},
	Month = {ago.},
	Org-Short = {ABNT},
	Organization = {Associa{\c c}\~ao Brasileira de Normas T\'ecnicas},
	Pages = 7,
	Subtitle = {Informa{\c c}\~ao e documenta{\c c}\~ao --- Apresenta{\c c}\~ao de cita{\c c}\~oes em documentos},
	Title = {{NBR} 10520},
	Year = 2002}

@manual{NBR6024:2012,
	Address = {Rio de Janeiro},
	Date-Added = {2012-12-15 21:24:06 +0000},
	Date-Modified = {2012-12-15 21:24:28 +0000},
	Month = {fev.},
	Org-Short = {ABNT},
	Organization = {Associa{\c c}\~ao Brasileira de Normas T\'ecnicas},
	Pages = 4,
	Subtitle = {Numera{\c c}\~ao progressiva das se{\c c}\~oes de um documento},
	Title = {{NBR} 6024},
	Year = 2012}

@manual{NBR6028:2003,
	Address = {Rio de Janeiro},
	Date-Added = {2012-12-15 21:02:12 +0000},
	Date-Modified = {2012-12-15 21:02:50 +0000},
	Month = {nov.},
	Org-Short = {ABNT},
	Organization = {Associa{\c c}\~ao Brasileira de Normas T\'ecnicas},
	Pages = 2,
	Subtitle = {Resumo - Apresenta{\c c}{\~a}o},
	Title = {{NBR} 6028},
	Year = 2003}

@manual{NBR14724:2001,
	Address = {Rio de Janeiro},
	Date-Added = {2012-12-15 20:34:08 +0000},
	Date-Modified = {2012-12-15 20:34:08 +0000},
	Month = {jul.},
	Org-Short = {ABNT},
	Organization = {Associa{\c c}\~ao Brasileira de Normas T\'ecnicas},
	Pages = 6,
	Subtitle = {Informa{\c c}\~ao e documenta{\c c}\~ao --- trabalhos acad\^emicos --- apresenta{\c c}\~ao},
	Title = {{NBR} 14724},
	Year = 2001}

@manual{NBR14724:2002,
	Address = {Rio de Janeiro},
	Date-Added = {2012-12-15 20:34:17 +0000},
	Date-Modified = {2012-12-15 20:34:17 +0000},
	Month = {ago.},
	Org-Short = {ABNT},
	Organization = {Associa{\c c}\~ao Brasileira de Normas T\'ecnicas},
	Pages = 6,
	Subtitle = {Informa{\c c}\~ao e documenta{\c c}\~ao --- trabalhos acad\^emicos --- apresenta{\c c}\~ao},
	Title = {{NBR} 14724},
	Year = 2002}

@manual{NBR14724:2005,
	Address = {Rio de Janeiro},
	Date-Added = {2012-12-15 20:34:08 +0000},
	Date-Modified = {2012-12-15 20:35:25 +0000},
	Month = {dez.},
	Org-Short = {ABNT},
	Organization = {Associa{\c c}\~ao Brasileira de Normas T\'ecnicas},
	Pages = 9,
	Subtitle = {Informa{\c c}\~ao e documenta{\c c}\~ao --- trabalhos acad\^emicos --- apresenta{\c c}\~ao},
	Title = {{NBR} 14724},
	Year = 2005}

@manual{NBR14724:2011,
	Address = {Rio de Janeiro},
	Date-Added = {2012-12-15 20:34:08 +0000},
	Date-Modified = {2012-12-15 20:35:25 +0000},
	Month = {mar.},
	Note = {Substitui a Ref.~\citeonline{NBR14724:2005}},
	Org-Short = {ABNT},
	Organization = {Associa{\c c}\~ao Brasileira de Normas T\'ecnicas},
	Pages = 15,
	Subtitle = {Informa{\c c}\~ao e documenta{\c c}\~ao --- trabalhos acad\^emicos --- apresenta{\c c}\~ao},
	Title = {{NBR} 14724},
	Year = 2011}

@article{van86,
	Author = {{van}, Gigch, John P. and Leo L. Pipino},
	Journal = {Future Computing Systems},
	Number = {1},
	Pages = {71-97},
	Title = {In search for a paradigm for the discipline of information systems},
	Volume = {1},
	Year = {1986}}

@phdthesis{guizzardi2005,
	Address = {Enschede, The Netherlands},
	Author = {Giancarlo Guizzardi},
	Date-Added = {2012-04-23 11:35:28 +0000},
	Date-Modified = {2012-04-23 11:35:28 +0000},
	School = {Centre for Telematics and Information Technology, University of Twente},
	Title = {Ontological Foundations for Structural Conceptual Models},
	Url = {http://www.loa.istc.cnr.it/Guizzardi/SELMAS-CR.pdf},
	Urlaccessdate = {3 jul. 2011},
	Year = {2005},
	Bdsk-Url-1 = {http://www.loa.istc.cnr.it/Guizzardi/SELMAS-CR.pdf}}

@mastersthesis{macedo2005,
	Author = {Fl{\'a}via L. Macedo},
	Date-Added = {2012-04-23 11:35:13 +0000},
	Date-Modified = {2012-04-23 11:35:13 +0000},
	Keywords = {arquitetura da informa{\c c}{\~a}o},
	School = {Universidade de Bras{\'\i}lia},
	Title = {Arquitetura da Informa{\c c}{\~a}o: aspectos espistemol{\'o}gicos, cient{\'\i}ficos e pr{\'a}ticos.},
	Type = {Disserta{\c c}{\~a}o de Mestrado},
	Year = {2005}}

@manual{EIA649B,
	Address = {EUA},
	Date-Added = {2012-04-23 11:34:59 +0000},
	Date-Modified = {2012-04-23 11:34:59 +0000},
	Keywords = {norma},
	Month = {June},
	Organization = {TechAmerica},
	Title = {ANSI/EIA 649-B: Configuration Management Standard},
	Year = {2011}}

@inproceedings{masolo2010,
	Author = {Claudio Masolo},
	Booktitle = {Proceedings of the Twelfth International Conference on the Principles of Knowledge Representation and Reasoning (KR 2010)},
	Date-Added = {2012-04-23 11:34:38 +0000},
	Date-Modified = {2012-04-23 11:34:38 +0000},
	Editor = {Lin, F. and Sattler, U.},
	Pages = {258-268},
	Publisher = {AAAI Press},
	Title = {Understanding Ontological Levels},
	Url = {http://wiki.loa-cnr.it/Papers/kr10v0.7.pdf},
	Urlaccessdate = {2 jan. 2012},
	Year = {2010},
	Bdsk-Url-1 = {http://wiki.loa-cnr.it/Papers/kr10v0.7.pdf}}

@inbook{guarino1995,
	Address = {Vienna},
	Author = {Nicola Guarino},
	Booktitle = {Philosophy and the Cognitive Science},
	Date-Added = {2012-04-23 11:34:29 +0000},
	Date-Modified = {2012-04-23 11:34:29 +0000},
	Editor = {R. Casati and B. Smith and G. White},
	Month = {Sept.},
	Pages = {443-456},
	Publisher = {Holder-Pivhler-Tempsky},
	Title = {The Ontological Level},
	Url = {http://wiki.loa-cnr.it/Papers/OntLev.pdf},
	Urlaccessdate = {2 jan. 2012},
	Year = {1995},
	Bdsk-Url-1 = {http://wiki.loa-cnr.it/Papers/OntLev.pdf}}

@incollection{bates2010,
	Address = {New York},
	Author = {Marcia J. Bates},
	Booktitle = {Encyclopedia of Library and Information Sciences},
	Date-Added = {2012-04-23 11:34:29 +0000},
	Date-Modified = {2012-04-23 11:34:29 +0000},
	Edition = {3rd},
	Editor = {Marcia J. Bates and Mary Niles Maack},
	Pages = {2347-2360},
	Publisher = {CRC Press},
	Title = {Information},
	Url = {http://pages.gseis.ucla.edu/faculty/bates/articles/information.html},
	Urlaccessdate = {24 out. 2011},
	Volume = {3},
	Year = {2010},
	Bdsk-Url-1 = {http://pages.gseis.ucla.edu/faculty/bates/articles/information.html}}

@book{doxiadis1965,
	Author = {Constantinos A. Doxiadis},
	Date-Added = {2012-04-23 11:34:20 +0000},
	Date-Modified = {2012-04-23 11:34:20 +0000},
	Publisher = {Ceira - Coimbra},
	Title = {Arquitetura em Transi{\c c}{\~a}o},
	Year = {1965}}

@book{dewey1980,
	Address = {New York, NY, USA},
	Author = {John Dewey},
	Date-Added = {2012-04-23 11:34:16 +0000},
	Date-Modified = {2012-04-23 11:34:16 +0000},
	Publisher = {Perigee Books},
	Title = {Art as Experience},
	Year = {1980}}

@INPROCEEDINGS{Kostopoulos:2007, 
author={Kostopoulos, S. and Cavouras, D. and Daskalakis, A. and Bougioukos, P. and Georgiadis, P. and Kagadis, G.C. and Kalatzis, I. and Ravazoula, P. and Nikiforidis, G.}, 
booktitle={Engineering in Medicine and Biology Society, 2007. EMBS 2007. 29th Annual International Conference of the IEEE}, 
title={Colour-Texture based image analysis method for assessing the Hormone Receptors status in Breast tissue sections}, 
year={2007}, 
month={Aug}, 
pages={4985-4988}, 
keywords={biochemistry;biological organs;cancer;image classification;image colour analysis;image segmentation;image texture;mammography;medical image processing;tumours;breast biopsy;breast carcinoma;breast tissue section;colour-texture based image analysis;computer-based image analysis system;estrogen receptor positive status;histopathologist;hormonal therapy;hormone receptor status assessment;immunohistochemistry;k-nearest neighbor classification algorithm;quantitative assessment;stained nuclei;visual inspection;Biochemistry;Breast biopsy;Breast tissue;Erbium;Image color analysis;Immune system;Inspection;Medical treatment;Protocols;Voting}, 
doi={10.1109/IEMBS.2007.4353459}, 
ISSN={1557-170X}
}

@ARTICLE{Mao:2006, 
author={Mao, K.Z. and Peng Zhao and Puay-Hoon Tan}, 
journal={Biomedical Engineering, IEEE Transactions on}, 
title={Supervised learning-based cell image segmentation for P53 immunohistochemistry}, 
year={2006}, 
month={June}, 
volume={53}, 
number={6}, 
pages={1153-1163}, 
keywords={biomedical optical imaging;cellular biophysics;genetics;image classification;image colour analysis;image reconstruction;image segmentation;learning (artificial intelligence);medical image processing;photometry;P53 immunohistochemistry;cell image segmentation;grayscale image;image reconstruction;marker detection algorithm;overlapping cells;pattern classification;photometry;pixel classification-based color image segmentation;shape information;supervised learning;thresholding;touching cells;watershed-based cell separation;Color;Detection algorithms;Gray-scale;Image reconstruction;Image segmentation;Pattern classification;Photometry;Pixel;Shape;Supervised learning;Color image conversion;segmentation of overlapping or touching nuclei;watershed segmentation;Algorithms;Artificial Intelligence;Humans;Image Enhancement;Image Interpretation, Computer-Assisted;Immunohistochemistry;Microscopy;Neoplasm Proteins;Pattern Recognition, Automated;Reproducibility of Results;Sensitivity and Specificity;Tumor Cells, Cultured;Tumor Markers, Biological;Tumor Suppressor Protein p53;Urinary Bladder Neoplasms}, 
doi={10.1109/TBME.2006.873538}, 
ISSN={0018-9294}
}

@INPROCEEDINGS{Jitaree:2013, 
author={Jitaree, S. and Phinyomark, A. and Thongnoo, K. and Boonyapiphat, P. and Phukpattaranont, P.}, 
booktitle={Biomedical Engineering International Conference (BMEiCON), 2013 6th}, 
title={Classifying breast cancer regions in microscopic image using texture analysis and neural network}, 
year={2013}, 
month={Oct}, 
pages={1-4}, 
keywords={backpropagation;biomedical optical imaging;cancer;cellular biophysics;feature extraction;image classification;image texture;medical image processing;multilayer perceptrons;optical microscopy;NN classifier;autocorrelation;back propagation learning algorithm;breast cancer regions;correlation;feature extraction;histological structures;lymphocyte;microscopic image classification;multilayer perceptron architecture;neural network;stromal cells;texture analysis;Breast cancer;Correlation;Feature extraction;Fractals;Image color analysis;Microscopy;Correlation;back propagation;breast cancer diagnosis;classification;estrogen;feature extraction;fractal dimension;immunohistochemistry;multilayer perceptron}, 
doi={10.1109/BMEiCon.2013.6687673}
}

@INPROCEEDINGS{Bostick:2006, 
author={Bostick, R.M. and Koon Yin Kong and Ahearn, T.U. and Chaudry, Q. and Cohen, V. and Wang, M.D.}, 
booktitle={Engineering in Medicine and Biology Society, 2006. EMBS '06. 28th Annual International Conference of the IEEE}, 
title={Detecting and Quantifying Biomarkers of Risk for Colorectal Cancer Using Quantum Dots and Novel Image Analysis Algorithms}, 
year={2006}, 
month={Aug}, 
pages={3313-3316}, 
keywords={biological organs;biological tissues;biomedical optical imaging;cancer;medical image processing;molecular biophysics;quantum dots;automated immunohistochemistry;biological measurement;biomarkers;blood cholesterol;colorectal cancer;histology;molecular disease;preventive treatment;quantum dots;rectal biopsies;semiautomated image analysis;tissue distribution;Biomarkers;Biomedical engineering;Blood;Cancer detection;Cardiac disease;Cardiovascular diseases;Colon;Image color analysis;Immune system;Quantum dots}, 
doi={10.1109/IEMBS.2006.259745}, 
ISSN={1557-170X}
}

@INPROCEEDINGS{Jie:2013, 
author={Jie Shu and Guoping Qiu and Mohammad, I.}, 
booktitle={Image and Graphics (ICIG), 2013 Seventh International Conference on}, 
title={A Semi-automatic Image Analysis Tool for Biomarker Detection in Immunohistochemistry Analysis}, 
year={2013}, 
month={July}, 
pages={937-942}, 
keywords={biology computing;image colour analysis;molecular biophysics;object detection;biomarker detection;color deconvolution;computer assisted image analysis technology;diagnosis accuracy;digitized tissue slide analysis;immunohistochemistry analysis;pathologists;semi-automatic image analysis tool;stained color separation;stains detection;stains separation;Accuracy;Biological tissues;Deconvolution;Image color analysis;Immune system;Liver;Training;Biomarker;Color;DAB;Immunohistochemistry;Sirius Red}, 
doi={10.1109/ICIG.2013.197},}

@INPROCEEDINGS{Sobieranski:2009, 
author={Sobieranski, A.C. and Neto, S.L.M. and Coser, L. and Comunello, E. and von Wangenheim, A. and Cargnin-Ferreira, E. and Di Giunta, G.}, 
booktitle={Computer-Based Medical Systems, 2009. CBMS 2009. 22nd IEEE International Symposium on}, 
title={Learning a nonlinear color distance metric for the identification of skin immunohistochemical staining}, 
year={2009}, 
month={Aug}, 
pages={1-7}, 
keywords={cancer;image colour analysis;medical image processing;polynomials;skin;tumours;IHC pattern distributions;RGB image samples;digitized samples;histopathology diagnostics;learning process;nonlinear color distance metric;pathologist's manual analysis;positive stained regions;robust discrimination;semiautomatic method;skin immunohistochemical staining identification;tumor markers;Computer graphics;Computer science;Extraterrestrial measurements;Image color analysis;Image processing;Immune system;Knowledge engineering;Proteins;Skin;Weather forecasting}, 
doi={10.1109/CBMS.2009.5255352}, 
ISSN={1063-7125}
}

@ARTICLE{Sertel:2010, 
author={Sertel, O. and Lozanski, G. and Shana'ah, A. and Gurcan, M.N.}, 
journal={Biomedical Engineering, IEEE Transactions on}, 
title={Computer-Aided Detection of Centroblasts for Follicular Lymphoma Grading Using Adaptive Likelihood-Based Cell Segmentation}, 
year={2010}, 
month={Oct}, 
volume={57}, 
number={10}, 
pages={2613-2616}, 
keywords={biomedical optical imaging;cancer;cellular biophysics;image segmentation;image texture;medical image processing;optical microscopy;adaptive likelihood-based cell segmentation;automated identification;bimodal distribution;centroblasts;computer-aided detection system;follicular lymphoma grading;lymphoid malignancies;microscopic high-power fields;nonCB cell texture distribution;two-step CB detection;unitone conversion;Biomedical informatics;Cancer;Image color analysis;Image converters;Image generation;Image segmentation;Image texture analysis;Medical treatment;Microscopy;Pathology;Biomedical image analysis;H&E-stained tissue;cell segmentation;follicular lymphoma (FL);histology;Algorithms;Cells;Diagnosis, Computer-Assisted;Humans;Image Processing, Computer-Assisted;Immunohistochemistry;Lymphoma, Follicular}, 
doi={10.1109/TBME.2010.2055058}, 
ISSN={0018-9294}
}

@ARTICLE{Amaral:2013, 
author={Amaral, T. and McKenna, S.J. and Robertson, K. and Thompson, A.}, 
journal={Biomedical Engineering, IEEE Transactions on}, 
title={Classification and Immunohistochemical Scoring of Breast Tissue Microarray Spots}, 
year={2013}, 
month={Oct}, 
volume={60}, 
number={10}, 
pages={2806-2814}, 
keywords={Gaussian processes;biochemistry;cancer;entropy;image classification;medical image processing;multilayer perceptrons;radioisotope imaging;regression analysis;support vector machines;tumours;Gaussian process ordinal regression;TMA image;TMA spot automatic classification;bag of visual words approach;breast cancer TMA spot scoring;breast tissue microarray spot;computational pipeline;epithelial nuclei;immunohistochemical scoring;intraobserver variation;latent topic model;linear model;manual assessment;multilayer perceptron classifier;nuclear immunostaining;pathology;posterior entropy;progesterone receptor;spot classification;spot feature computing;stained TMA section;support vector machine;tissue microarrays;tumor;Breast cancer;image analysis;immunohistochemical scoring;tissue microarrays (TMAs)}, 
doi={10.1109/TBME.2013.2264871}, 
ISSN={0018-9294}
}

@ARTICLE{Cooper:2010, 
author={Cooper, L.A.D. and Jun Kong and Gutman, D.A. and Fusheng Wang and Cholleti, S.R. and Pan, T.C. and Widener, P.M. and Sharma, A. and Mikkelsen, T. and Flanders, A.E. and Rubin, D.L. and Van Meir, E.G. and Kurc, T.M. and Moreno, C.S. and Brat, D.J. and Saltz, J.H.}, 
journal={Biomedical Engineering, IEEE Transactions on}, 
title={An Integrative Approach for In Silico Glioma Research}, 
year={2010}, 
month={Oct}, 
volume={57}, 
number={10}, 
pages={2617-2621}, 
keywords={biomedical optical imaging;brain;cancer;cellular biophysics;genomics;medical image processing;molecular biophysics;tumours;disease;genomic data;glioblastoma tumor;glioma brain tumor;in silico glioma research;molecular characterization;morphometric analysis;nuclei;pathology image analysis;transcriptomic characterization;Biology;brain tumor;image analysis;in silico;microscopy;Cell Nucleus;Computational Biology;Computer Simulation;Databases, Factual;Glioma;Humans;Image Processing, Computer-Assisted;Immunohistochemistry}, 
doi={10.1109/TBME.2010.2060338}, 
ISSN={0018-9294}
}

@ARTICLE{Song:2014, 
author={Song, Y. and Treanor, D. and Bulpitt, A.J. and Wijayathunga, N. and Roberts, N. and Wilcox, R. and Magee, D.R.}, 
journal={Biomedical Engineering, IEEE Transactions on}, 
title={Unsupervised Content Classification Based Nonrigid Registration of Differently Stained Histology Images}, 
year={2014}, 
month={Jan}, 
volume={61}, 
number={1}, 
pages={96-108}, 
keywords={biological tissues;biomedical MRI;diseases;image classification;image registration;image sequences;liver;medical image processing;probability;3D histopathology;MRI sequences;disease pathology;gigabyte-size imaging;high-lighting different substances;histopathology image registration;immunohistochemical stains;intervertebral disc specimen;liver specimens;multiresolution-block-matching-based nonrigid registration scheme;multiscale physical modeling;multistained histology image performance;nonrigid distortions;tissue imaging;unsupervised content classification based nonrigid registration;Classification algorithms;Educational institutions;Image color analysis;Liver;Microscopy;Support vector machine classification;Vectors;Computerized diagnosis;digital pathology;histology registration;image analysis;multistains;mutual information;virtual slides}, 
doi={10.1109/TBME.2013.2277777}, 
ISSN={0018-9294}
}

@INPROCEEDINGS{Wang:2011, 
author={Wang Hui and Zhou ZhiGuo and Jie LongMei}, 
booktitle={Computational Intelligence and Security (CIS), 2011 Seventh International Conference on}, 
title={Automatic Detection of Lumina in Mouse Liver Immunohistochemical Color Image Using Support Vector Machine and Cellular Neural Network}, 
year={2011}, 
month={Dec}, 
pages={1086-1090}, 
keywords={cellular neural nets;feature extraction;image colour analysis;image texture;liver;medical image processing;support vector machines;automatic lumina detection;extracting closed domain cellular neural network;immunohise chemical color images;median filtering;mouse liver immunohistochemical color image;support vector machine;texture features;Educational institutions;Image analysis;Image segmentation;Immune system;Liver;Mice;Support vector machines;image segmentation;immunohistochemical image;support vector machine;texture}, 
doi={10.1109/CIS.2011.241}
}

@INPROCEEDINGS{Jiwen-1:2010, 
author={Jiwen Dong and Jing Li and Jian Lu and Aifang Fu}, 
booktitle={Advanced Computer Control (ICACC), 2010 2nd International Conference on}, 
title={Automatic segmentation for ovarian cancer immunohistochemical image based on chroma criterion}, 
year={2010}, 
month={March}, 
volume={2}, 
pages={147-150}, 
keywords={cancer;image colour analysis;image segmentation;medical image processing;pattern clustering;ISODATA clustering algorithm;automatic segmentation method;chroma criterion;chromatics criteria;immunohistochemical color image segmentation;ovarian cancer immunohistochemical image;Algorithm design and analysis;Cancer;Clustering algorithms;Image analysis;Image color analysis;Image segmentation;Immune system;Information science;Microscopy;Pathology;ISODATA clustering algorithm;chromaticity criteria;immunohistochemical image}, 
doi={10.1109/ICACC.2010.5487198}
}

@INPROCEEDINGS{Hang:2008, 
author={Hang Chang and DeFilippis, R.A. and Tlsty, T.D. and Parvin, B.}, 
booktitle={Biomedical Imaging: From Nano to Macro, 2008. ISBI 2008. 5th IEEE International Symposium on}, 
title={Scoring histological sections through immunohistochemistry}, 
year={2008}, 
month={May}, 
pages={344-347}, 
keywords={biological specimen preparation;biological tissues;cellular biophysics;computational geometry;Immunohistochemical staining;Voronoi tessellation;breast tissue biopsy;color decomposition model;color signals;fibroblasts;graph cut algorithm;histological sections scoring;nuclear segmentation;organelles;Breast biopsy;Breast tissue;Dynamic range;Fibroblasts;Image analysis;Image color analysis;Immune system;Instruments;Protocols;Visualization;Color Processing;Image Segmentation}, 
doi={10.1109/ISBI.2008.4541003}
}

@INPROCEEDINGS{Ficarra:2006, 
author={Ficarra, E. and Macii, E.}, 
booktitle={Computer-Based Medical Systems, 2006. CBMS 2006. 19th IEEE International Symposium on}, 
title={Computer-Aided Evaluation of Protein Expression in Pathological Tissue Images}, 
year={2006}, 
month={}, 
pages={413-418}, 
keywords={biochemistry;biomedical imaging;cancer;cellular biophysics;medical diagnostic computing;molecular biophysics;proteins;tumours;fully-automated computer-aided analysis;immunohistochemical analysis;nonsmall cell lung carcinoma;pathological tissue images;protein expression;receptors;Biomembranes;Genetics;Image analysis;Immune system;Lungs;Medical treatment;Monitoring;Pathology;Performance analysis;Protein engineering}, 
doi={10.1109/CBMS.2006.71}, 
ISSN={1063-7125}
}

@ARTICLE{Lehmann:2001, 
author={Lehmann, T.M. and Bredno, J. and Metzler, V. and Brook, G. and Nacimiento, W.}, 
journal={Biomedical Engineering, IEEE Transactions on}, 
title={Computer-assisted quantification of axo-somatic boutons at the cell membrane of motoneurons}, 
year={2001}, 
month={June}, 
volume={48}, 
number={6}, 
pages={706-717}, 
keywords={biological techniques;biology computing;biomembranes;cellular biophysics;finite element analysis;image processing;neurophysiology;optical microscopy;Wilcoxon rank-sum test;animals;axo-somatic boutons;cell membrane;computer-assisted quantification;immunohistochemical stains;light micrographs;manual interpretation;motoneuronal images;motoneurons;nonoverlapping electron micrographs;spinal cord injury;spinal cord tissue preparation;synaptic profiles;Animals;Biomembranes;Brightness;Cells (biology);Finite element methods;Image analysis;Microscopy;Neurons;Protocols;Spinal cord;Animals;Cell Membrane;Female;Image Processing, Computer-Assisted;Immunoenzyme Techniques;Microscopy;Motor Neurons;Rats;Rats, Sprague-Dawley;Spinal Cord}, 
doi={10.1109/10.923788}, 
ISSN={0018-9294},}

@INPROCEEDINGS{Sastry:2002, 
author={Sastry, A. M. and Layton, B.E. and Wang, H. and Sullivan, K. A. and Philbert, M.A. and Komorowski, T.}, 
booktitle={Engineering in Medicine and Biology, 2002. 24th Annual Conference and the Annual Fall Meeting of the Biomedical Engineering Society EMBS/BMES Conference, 2002. Proceedings of the Second Joint}, 
title={Mechanical and structural changes in diabetic rat peripheral nerve collagens}, 
year={2002}, 
month={}, 
volume={1}, 
pages={432-433 vol.1}, 
keywords={atomic force microscopy;biomechanics;diseases;neurophysiology;proteins;Sprague-Dawley rats;changes permanence;collagen I;collagen III;collagen IV;diabetic rat peripheral nerve collagens;endoneurium;epineurium;extracellular matrix;image analysis;in situ immunohistochemistry;mechanical changes;modified chemical environment;modified mechanical environment;structural changes;tissue biomechanics;tissues stiffening;uniaxial mechanical testing;Animals;Atomic force microscopy;Chemicals;Diabetes;Extracellular;Image analysis;Mechanical factors;Nerve tissues;Rats;Testing}, 
doi={10.1109/IEMBS.2002.1136881}, 
ISSN={1094-687X},}

@ARTICLE{Samsi:2010, 
author={Samsi, S. and Lozanski, G. and Shanarah, A. and Krishanmurthy, A.K. and Gurcan, M.N.}, 
journal={Biomedical Engineering, IEEE Transactions on}, 
title={Detection of Follicles From IHC-Stained Slides of Follicular Lymphoma Using Iterative Watershed}, 
year={2010}, 
month={Oct}, 
volume={57}, 
number={10}, 
pages={2609-2612}, 
keywords={biochemistry;biological tissues;biomedical optical imaging;cancer;image colour analysis;image texture;iterative methods;medical image processing;color information;computer-aided image-analysis techniques;follicle detection;follicular lymphoma;immunohistochemistry;iterative watershed;lymphoid tissue;malignant follicles;nonHodgkin lymphoma;texture information;Biomedical computing;Biomedical imaging;Biopsy;Cancer;Digital images;Humans;Image color analysis;Image texture analysis;Immune system;Iterative algorithms;Follicular lymphoma (FL);k-means;morphology;watershed;whole slides;Algorithms;Cluster Analysis;Diagnosis, Computer-Assisted;Fourier Analysis;Humans;Image Processing, Computer-Assisted;Immunohistochemistry;Lymphoma, Follicular}, 
doi={10.1109/TBME.2010.2058111}, 
ISSN={0018-9294}
}

@INPROCEEDINGS{Zhao:2003, 
author={Zhao, P. and Mao, K.Z. and Koh, T.S. and Tan, P. H.}, 
booktitle={Biomedical Engineering, 2003. IEEE EMBS Asian-Pacific Conference on}, 
title={Automatic cell analysis for P53 immunohistochemistry in bladder inverted papilloma}, 
year={2003}, 
month={Oct}, 
pages={168-169}, 
keywords={biochemistry;biological organs;biological tissues;cellular biophysics;image classification;image segmentation;medical image processing;molecular biophysics;pattern clustering;proteins;HSI color space;L' u' v' color space;P53 immunohistochemistry;RGB color space;XYZ color space;automatic cell analysis;bladder inverted papilloma;class separability;distance transform;hierarchical clustering;nonlinear hybrid color space;nonlinear polynomial combinations;nonnuclei pixels;nuclei pixels;pixel classification;protein;segmentation algorithm;touching nuclei;Bladder;Hospitals;Image analysis;Image segmentation;Immune system;Pathology;Performance evaluation;Pixel;Polynomials;Space technology}, 
doi={10.1109/APBME.2003.1302637}
}

@INPROCEEDINGS{Jiwen-2:2010, 
author={Jiwen Dong and Jing Li and Aifang Fu and Huiming Lv}, 
booktitle={Biomedical Engineering and Computer Science (ICBECS), 2010 International Conference on}, 
title={Automatic Segmentation for Ovarian Cancer Immunohistochemical Image Based on YUV Color Space}, 
year={2010}, 
month={April}, 
pages={1-4}, 
keywords={biological tissues;cancer;image colour analysis;image segmentation;medical image processing;OTSU segmentation;YUV color space;automatic segmentation;color immunohistochemical image;high gray area;immunohistochemical image segmentation;negative cells region;ovarian cancer;positive cells region;quantitative assessment;three-component diagram;Biomedical engineering;Brightness;Cancer;Image analysis;Image color analysis;Image segmentation;Immune system;Information science;Microscopy;Pathology}, 
doi={10.1109/ICBECS.2010.5462327}
}

@INPROCEEDINGS{Binghan:2006, 
author={Binghan Liu and Weizhi Wang and Xiuduan Fang}, 
booktitle={Intelligent Control and Automation, 2006. WCICA 2006. The Sixth World Congress on}, 
title={Automatic Extraction of Positive Cells in Tumor Immunohistochemical Pathology Image Based on YCbCr}, 
year={2006}, 
month={}, 
volume={2}, 
pages={9708-9712}, 
keywords={cellular biophysics;feature extraction;image colour analysis;image segmentation;maximum entropy methods;medical image processing;tumours;YCbCr color space;automatic positive cell extraction;maximal entropy principle;positive cell regions;positive cell segmentation;tumor immunohistochemical pathology image;Biomedical imaging;Biomembranes;Chromium;Image analysis;Image color analysis;Immune system;Medical diagnostic imaging;Neoplasms;Pathology;Space technology;YCbCr color space;automatic extraction;pathology images;positive cells}, 
doi={10.1109/WCICA.2006.1713888}
}

@INPROCEEDINGS{Holecko:2002, 
author={Holecko, M.M., II and Massia, S.P.}, 
booktitle={Engineering in Medicine and Biology, 2002. 24th Annual Conference and the Annual Fall Meeting of the Biomedical Engineering Society EMBS/BMES Conference, 2002. Proceedings of the Second Joint}, 
title={GFAP inflammatory response to dextran-coated silicon electrodes}, 
year={2002}, 
month={Oct}, 
volume={3}, 
pages={1832-1833 vol.3}, 
keywords={adhesion;biological techniques;biomedical electrodes;cellular biophysics;neurophysiology;optical microscopy;proteins;silicon;GFAP inflammatory response;Si;Sprague-Dawley rats;dextran-coated silicon electrodes;glial fibrillary acidic protein;image analysis software;neural environment;neural implant;nonspecific cell adhesion limitation;relative quantitative measurements;signal-to-noise ratio improvement;three-dimensional confocal imaging techniques;Adhesives;Coatings;Electrodes;Image analysis;Implants;In vitro;Proteins;Signal to noise ratio;Silicon;Software measurement}, 
doi={10.1109/IEMBS.2002.1053049}, 
ISSN={1094-687X}
}

@INPROCEEDINGS{Bieniecki:2003, 
author={Bieniecki, W. and Grabowski, S. and Sekulska, J. and Turant, M. and Kaluzynski, A.}, 
booktitle={CAD Systems in Microelectronics, 2003. CADSM 2003. Proceedings of the 7th International Conference. The Experience of Designing and Application of}, 
title={Automatic segmentation and recognition of pathomorphological microscopic images}, 
year={2003}, 
month={Feb}, 
pages={461-464}, 
keywords={biomedical optical imaging;gradient methods;image classification;image colour analysis;image segmentation;mathematical morphology;medical image processing;optical microscopy;tumours;automatic recognition;automatic segmentation;biomedical image segmentation;cancer tissue nuclei;color biomedical images;color discrimination methods;image classification;image preprocessing;immunohistochemical coloring;k nearest neighbors;oestrogen receptors;pathomorphological microscopic images;progesterone receptors;quantitative analysis;region based methods;topographic surface;watershed algorithm;Biomedical imaging;Cameras;Image analysis;Image color analysis;Image recognition;Image segmentation;Layout;Optical filters;Optical microscopy;Optical noise}, 
doi={10.1109/CADSM.2003.1255122},}

@INPROCEEDINGS{Bartoo:1995, 
author={Bartoo, G.T. and Yongmin Kim and Chang, D.}, 
booktitle={Engineering in Medicine and Biology Society, 1995., IEEE 17th Annual Conference}, 
title={Quantitative imaging for clinicopathological correlates in Alzheimer disease}, 
year={1995}, 
month={Sep}, 
volume={1}, 
pages={501-502 vol.1}, 
keywords={biological techniques;biology computing;brain;cellular biophysics;image segmentation;medical image processing;optical microscopy;proteins;Alzheimer disease;batch to batch staining variability;clinicopathological correlates;dementia duration;dementia severity;frontal cortex;hippocampus;image analysis software;immunohistochemical markers;light microscope;load;microcomputer control;microscopic imaging system;neuropsychological tests;percentage area;proteins;quantitative imaging;quantitative microscopic imaging;three-dimensional motorized stage;Alzheimer's disease;Biomedical engineering;Dementia;Image analysis;Immune system;Microcomputers;Microscopy;Proteins;Testing;Yarn}, 
doi={10.1109/IEMBS.1995.575220}
}

@ARTICLE{Soussou:2007, 
author={Soussou, W.V. and Yoon, G.J. and Brinton, R.D. and Berger, T.W.}, 
journal={Biomedical Engineering, IEEE Transactions on}, 
title={Neuronal Network Morphology and Electrophysiologyof Hippocampal Neurons Cultured on Surface-Treated Multielectrode Arrays}, 
year={2007}, 
month={July}, 
volume={54}, 
number={7}, 
pages={1309-1320}, 
keywords={biochemistry;bioelectric phenomena;biomedical electrodes;biomedical optical imaging;biomembranes;brain;cellular biophysics;molecular biophysics;neurophysiology;polymer films;Euclidian cluster analysis;axons;basement membrane extract;biochemical substrates;biocompatible surfaces;burst rate;correlation index;dendrites;electrophysiology;hippocampal neurons;image analysis;immunohistochemical staining;implantable electrode arrays;interspike interval;neuronal clustering;neuronal network morphology;planar multielectrode arrays;poly-D-lysine;polyethylenimine;polyornithine;process fasciculation;serum-free Neurobasal medium;somas;spontaneous firing;surface-treated multielectrode arrays;Biological neural networks;Biomembranes;Cells (biology);Electrodes;Electrophysiology;In vitro;Nerve fibers;Neurons;Page description languages;Surface morphology;Basement membrane;multielectrode array;neuronal network morphology;spontaneous electrophysiological activity;Action Potentials;Animals;Cell Adhesion;Cell Culture Techniques;Cells, Cultured;Electrophysiology;Equipment Design;Equipment Failure Analysis;Female;Hippocampus;Microelectrodes;Nerve Net;Neurons;Rats;Rats, Sprague-Dawley}, 
doi={10.1109/TBME.2006.889195}, 
ISSN={0018-9294},}

@INPROCEEDINGS{Xin:2011, 
author={Xin Hua and Yang Guang}, 
booktitle={Human Health and Biomedical Engineering (HHBE), 2011 International Conference on}, 
title={Effect of transplantation of bone marrow mesenchymal stem cells on the expression of nerve growth factor and brain-derived neurotrophic factor in rats after sciatic nerve crush injury}, 
year={2011}, 
month={Aug}, 
pages={1327-1330}, 
keywords={biochemistry;bone;brain models;cellular biophysics;injuries;molecular biophysics;neurophysiology;orthopaedics;prosthetics;proteins;surgery;bone marrow mesenchymal stem cell transplantation;brain-derived neurotrophic factor;brain-derived neurotrophic factor protein expression;distal nerve;image analysis system;immunohistochemical staining postoperation;integrated optical density;nerve growth factor;peripheral nerve regeneration;sciatic nerve crush injury;sciatic nerve crushed sites;surgery;Bones;Indexes;Injuries;Nerve fibers;Rats;Stem cells;Surgery;bone marrow mesenchymal stem cells;brain-derived neurotrophic factor;cell transplantation;nerve growth factor;peripheral nerve}, 
doi={10.1109/HHBE.2011.6029078}
}

@INPROCEEDINGS{Deshan:2011, 
author={Deshan Liu and Wei Gao and Weiwei Lin and Inoguchi, T. and Takayanagi, R.}, 
booktitle={Remote Sensing, Environment and Transportation Engineering (RSETE), 2011 International Conference on}, 
title={Chinese Naoshekang Recipe Extract improves cognitive function and its mechanism in rats with diabetes mellitus}, 
year={2011}, 
month={June}, 
pages={7450-7453}, 
keywords={biochemistry;cognition;drugs;medical disorders;neurophysiology;proteins;sugar;Astragalus Membranaceus;Atractylodes Lance a;Barbary wolfberry fruit;Bax apoptosis protein;Bcl-2 anti-apoptosis protein;Chinese Naoshekang recipe extract;Coptis chinensis Franch;Epimedium leaf;Kudzuvine root;STZ intraperitoneal injection;Solomonseal rhizome;Szechwan lovage rhizome;Wistar rats;brain tissue;cerebral ischemia-reperfusion rabbits;cognitive function;diabetes mellitus;electrophysiological loss;fasting blood glucoses;hippocampal neuron counting;hippocampal neurons;image analysis;immunohistochemistry;learning ability;neuroprotective mechanism;prepared Rehmannia root;traditional Chinese prescription;Biomedical imaging;Diabetes;Drugs;Neurons;Neuroscience;Proteins;Rats;Bax expression;Bcl-2 expression;Diabetes mellitus;Learning;Memory;Naoshenkang Recipe;Rat}, 
doi={10.1109/RSETE.2011.5966092}
}

@INPROCEEDINGS{Gholap:2005, 
author={Gholap, A. and Naik, G. and Joshi, A. and Rao, C. V K}, 
booktitle={Computational Systems Bioinformatics Conference, 2005. Workshops and Poster Abstracts. IEEE}, 
title={Content-based tissue image mining}, 
year={2005}, 
month={Aug}, 
pages={359-363}, 
keywords={artificial intelligence;biological tissues;biology computing;cellular biophysics;data mining;image recognition;artificial intelligence;biological data management;cell component;content-based tissue image mining;image analysis;image processing;immunohistochemical marker;pattern recognition;semantic level;tissue microarray analysis}, 
doi={10.1109/CSBW.2005.45}
}	
	
	







@Misc{RFC2616,
 author = {Fielding, Roy and Gettys, Jim and Mogul, Jeffrey and Frystyk, Henrik and Masinter, Larry and Leach, Paul and Berners-Lee, Tim},
 title = { Hypertext Transfer Protocol -- HTTP/1.1},
 month = {jun},
 year = {1999},
 note = {\url{https://www.ietf.org/rfc/rfc2616.txt}},
institution = {Internet Engineering Task Force - IETF}
}

@Misc{RFC1951,
 author = {Deutsch, Peter},
 title = {DEFLATE Compressed Data Format Specification version 1.3},
 month = {may},
 year = {1996},
 note = {\url{http://www.ietf.org/rfc/rfc1951.txt}},
institution = {Internet Engineering Task Force - IETF}
}

@Misc{RFC2045,
 author = {Freed, Ned and Borenstein, Nathaniel},
 title = {Multipurpose Internet Mail Extensions (MIME) Part One: Format of Internet Message Bodies},
 month = {nov},
 year = {1996},
 note = {\url{http://www.ietf.org/rfc/rfc2045.txt}},
institution = {Internet Engineering Task Force - IETF}
}

@Misc{COAP,
 author = {Shelby, Z. and Hartke, K. and Bormann, C.},
 title = {Constrained Application Protocol (CoAP) - draft-ietf-core-coap-18},
 month = {jun},
 year = {2013},
 note = {\url{https://datatracker.ietf.org/doc/draft-ietf-core-coap/}},
institution = {Internet Engineering Task Force - IETF}
}

@Misc{RFC1750,
 author = {Eastlake, Donald and Crocker, Steve and Schiller, Jeff},
 title = {Randomness Recommendations for Security},
 month = {dec},
 year = {1994},
 note = {\url{https://www.ietf.org/rfc/rfc1750.txt}},
institution = {Internet Engineering Task Force - IETF}
}

@Misc{OASIS2008_saml,
 author = {OASIS},
 title = {Security Assertion Markup Language (SAML) V2.0 - Technical Overview},
 year = {2008},
 note = {\url{https://www.oasis-open.org/committees/download.php/27819/sstc-saml-tech-overview-2.0-cd-02.pdf}}
}

@Misc{OASIS2005_saml,
 author = {OASIS},
 title = {Authentication Context for the OASIS Security Assertion Markup Language (SAML) V2.0},
 year = {2005},
 note = {\url{http://docs.oasis-open.org/security/saml/v2.0/saml-authn-context-2.0-os.pdf}}
}

@Misc{OASIS2009a,
 author = {OASIS},
 title = {Bindings for the OASIS Security Assertion Markup Language (SAML) V2.0 – Errata Composite},
 year = {2009},
 note = {\url{https://www.oasis-open.org/committees/download.php/35387/sstc-saml-bindings-errata-2.0-wd-05-diff.pdf}}
}

@Misc{OASIS2009b,
 author = {OASIS},
 title = {Profiles for the OASIS Security Assertion Markup Language (SAML) V2.0 – Errata Composite},
 year = {2009},
 note = {\url{https://www.oasis-open.org/committees/download.php/35389/sstc-saml-profiles-errata-2.0-wd-06-diff.pdf}}
}

@Misc{RFC3060,
 author = {Moore, B and Ellesson, E and Strassner, J and Westerinen, A},
 title = {Policy Core Information Model -- Version 1 Specification},
 year = {2001},
 note = {\url{http://www.ietf.org/rfc/rfc3060.txt}},
institution = {Internet Engineering Task Force - IETF}
}

@Misc{OpenSAML,
 author = {Shibboleth},
 title = {OpenSAML 2.x -- Home},
 year = {2012},
 note = {\url{https://wiki.shibboleth.net/confluence/display/OpenSAML/Home}}
}

@inproceedings{fu2011,
  title={Application-based identity management in M2M system},
  author={Fu, Zhonglin and Jing, Xiaojun and Sun, Songlin},
  booktitle={Advanced Intelligence and Awareness Internet (AIAI 2011), 2011 International Conference on},
  pages={211--215},
  year={2011},
  organization={IEEE}
}

@inproceedings{hanum2012,
  title={Privacy preserving and ownership authentication in ubiquitous computing devices using secure three way authentication},
  author={Hanumanthappa, Pradeep and Singh, Sanjay},
  booktitle={Innovations in Information Technology (IIT), 2012 International Conference on},
  pages={107--112},
  year={2012},
  organization={IEEE}
}

@inproceedings{konidala2005,
  title={A capability-based privacy-preserving scheme for pervasive computing environments},
  author={Konidala, Divyan M and Duc, Dang Nguyen and Lee, Dongman and Kim, Kwangjo},
  booktitle={Pervasive Computing and Communications Workshops, 2005. PerCom 2005 Workshops. Third IEEE International Conference on},
  pages={136--140},
  year={2005},
  organization={IEEE}
}

@inproceedings{mahalle2012,
  title={Identity establishment and capability based access control (IECAC) scheme for Internet of Things},
  author={Mahalle, Parikshit N and Anggorojati, Bayu and Prasad, Neeli Rashmi and Prasad, Ramjee},
  booktitle={Wireless Personal Multimedia Communications (WPMC), 2012 15th International Symposium on},
  pages={187--191},
  year={2012},
  organization={IEEE}
}

@inproceedings{nguyen2010,
  title={A dynamic ID-based authentication scheme},
  author={Nguyen, Tien-Dung and Al-Saffar, Aymen and Huh, Eui-Nam},
  booktitle={Networked Computing and Advanced Information Management (NCM), 2010 Sixth International Conference on},
  pages={248--253},
  year={2010},
  organization={IEEE}
}

@inproceedings{seitz2013,
  title={Authorization framework for the Internet-of-Things},
  author={Seitz, Ludwig and Selander, Goran and Gehrmann, Christian},
  booktitle={World of Wireless, Mobile and Multimedia Networks (WoWMoM), IEEE 14th International Symposium and Workshops on a},
  pages={1--6},
  year={2013},
  organization={IEEE}
}

